@misc{gnumake4.2,
title = {GNU Make},
howpublished = {\url{https://www.gnu.org/software/make/}},
note = {version 4.2}
}

@misc{strace4.25,
title = {strace},
howpublished = {\url{https://github.com/strace/strace}},
note = {version 4.25}
}

@misc{zstd1.3.7,
title = {Zstandard - Fast real-time compression algorithm},
howpublished = {\url{https://github.com/facebook/zstd}},
note = {version 1.3.7}
}

@misc{llvm6.0.0,
title = {LLVM},
howpublished = {\url{https://llvm.org/}},
note = {version 6.0.0}
}

@misc{protobufs3.6.1,
title = {Protocol Buffers},
howpublished = {\url{https://github.com/protocolbuffers/protobuf}},
note = {cpp version 3.6.1}
}

@manual{gnumakemanual,
title = {GNU Make Manual},
note = {\url{https://www.gnu.org/software/make/manual/make.html}}
}

@article{make,
  title={Makeâ€”A program for maintaining computer programs},
  author={Feldman, Stuart I},
  journal={Software: Practice and experience},
  volume={9},
  number={4},
  pages={255--265},
  year={1979},
  publisher={Wiley Online Library}
}

@InProceedings{LLVM:CGO04,
    Author  = {Chris Lattner and Vikram Adve},
    Title = {{LLVM}: A Compilation Framework for Lifelong Program Analysis and Transformation},
    Booktitle = {CGO},
    Address = {San Jose, CA, USA},
    Month = {Mar},
    Year  = {2004},
    pages       = {75--88},
}

@article{brent1974parallel,
  title={The parallel evaluation of general arithmetic expressions},
  author={Brent, Richard P},
  journal={Journal of the ACM (JACM)},
  volume={21},
  number={2},
  pages={201--206},
  year={1974},
  publisher={ACM}
}